<?xml version="1.0" encoding="UTF-8"?><record xmlns="http://www.loc.gov/MARC21/slim" xmlns:cinclude="http://apache.org/cocoon/include/1.0" xmlns:zs="http://www.loc.gov/zing/srw/">
  <leader>00442nz  a2200145n  4500</leader>
  <controlfield tag="001">no 99032909 </controlfield>
  <controlfield tag="003">DLC</controlfield>
  <controlfield tag="005">19990511051801.7</controlfield>
  <controlfield tag="008">990510n| acannaab|          |n aaa     c</controlfield>
  <datafield tag="010" ind1=" " ind2=" ">
    <subfield code="a">no 99032909 </subfield>
  </datafield>
  <datafield tag="035" ind1=" " ind2=" ">
    <subfield code="a">(OCoLC)oca04982066 </subfield>
  </datafield>
  <datafield tag="040" ind1=" " ind2=" ">
    <subfield code="a">TxAbC</subfield>
    <subfield code="c">TxAbC</subfield>
  </datafield>
  <datafield tag="100" ind1="1" ind2="0">
    <subfield code="a">Partain, Wayne</subfield>
  </datafield>
  <datafield tag="670" ind1=" " ind2=" ">
    <subfield code="a">Neo-Calvinism in the church of Christ, 1980:</subfield>
    <subfield code="b">index (Wayne Partain)</subfield>
  </datafield>
  <datafield tag="670" ind1=" " ind2=" ">
    <subfield code="a">OCLC, April 8, 1999:</subfield>
    <subfield code="b">(hdg.: Partain, Wayne ; usage: Wayne Partain)</subfield>
  </datafield>
</record>